@article{harris2023extreme,
  title={Extreme measures: A national descriptive analysis of closure and restructuring of traditional public, charter, and private schools},
  author={Harris, Douglas N and Martinez-Pabon, Valentina},
  journal={Education Finance and Policy},
  volume={19},
  number={1},
  pages={32--60},
  year={2023},
  publisher={MIT Press One Rogers Street, Cambridge, MA 02142-1209, USA journals-info~â€¦}
}

@techreport{snyder1999understanding,
  title={Understanding the kalman filter: an object oriented programming perspective},
  author={Snyder, Ralph D and Forbes, Catherine S},
  year={1999},
  institution={Monash University},
url={https://www.monash.edu/business/ebs/research/publications/ebs/understanding_the_kalman_filter_an_object_oriented_programming_perspective.pdf}
}

@article{fogel1999inductive,
  title={Inductive reasoning and bounded rationality reconsidered},
  author={Fogel, David B and Chellapilla, Kumar and Angeline, Peter J},
  journal={IEEE transactions on evolutionary computation},
  volume={3},
  number={2},
  pages={142--146},
  year={1999},
  publisher={IEEE}
}